@article{Adamovic.1999,
 author = {J. Adamovi{\v{c}} and M. Coubal},
 year = {1999},
 title = {Intrusive geometries and {C}enozoic stress history of the northern part of the {B}ohemian {M}assif},
 keywords = {Masyw Czeski;Napr{\k{e}}{\.z}enia tektoniczne;Ryft {E}geru;Wulkanizm},
 pages = {5--14},
 number = {9},
 journal = {Geolines}
}

@article{Advokaat.2014,
 author = {E. L. Advokaat and D. J.J. {van Hinsbergen} and M. Maffione and C. G. Langereis and R. L.M. Vissers and A. Cherchi and R. Schroeder and H. Madani and S. Columbu},
 year = {2014},
 title = {Eocene rotation of {S}ardinia, and the paleogeography of the western {M}editerranean region},
 keywords = {ECRIS;Orogeneza alpejska;Rotacja p{\l}yt},
 pages = {183--195},
 volume = {401},
 journal = {Earth and Planetary Science Letters},
 doi = {10.1016/j.epsl.2014.06.012}
}

@article{AlasonatiTasarova.2016,
 author = {Z. {Alasonati Ta{\v{s}}{\'a}rov{\'a}} and J. Fullea and M. Bielik and P. {\'S}roda},
 year = {2016},
 title = {Lithospheric structure of {C}entral {E}urope: {P}uzzle pieces from {P}annonian {B}asin to {T}rans-{E}uropean {S}uture {Z}one resolved by geophysical-petrological modeling},
 keywords = {Alpy;Basen pano{\'n}ski;Ekstensja;Europa {\'s}rodkowa;Karpaty;Litosfera;Modelowanie;Modelowanie 3D;P{\l}aszcz;Subdukcja;TESZ},
 pages = {722--753},
 volume = {35},
 number = {3},
 issn = {02787407},
 journal = {Tectonics},
 doi = {10.1002/2015TC003935}
}

@article{Allegre.1986,
 author = {C. J. All{\`e}gre and D. L. Turcotte},
 year = {1986},
 title = {Implications of a two-component marble-cake mantle},
 keywords = {Geochemia;Konwekcja;Litosfera;Pi{\'o}ropusze p{\l}aszcza;P{\l}aszcz;Subdukcja;Wulkanizm},
 pages = {123--127},
 volume = {323},
 number = {6084},
 journal = {Nature},
 doi = {10.1038/323123a0}
}

@book{Anderson.2007,
 author = {D. L. Anderson},
 year = {2007},
 title = {New theory of the {E}arth},
 keywords = {Bud{\.z}et ciep{\l}a;Strumie{\'n} cieplny;{\'Z}r{\'o}d{\l}a ciep{\l}a},
 address = {Cambridge, UK and New York},
 publisher = {Cambridge University Press},
 isbn = {9780521849593}
}

@article{Anderson.2001,
 author = {D. L. Anderson},
 year = {2001},
 title = {Top-down tectonics?},
 pages = {2016=-2018},
 volume = {293},
 journal = {Science},
 doi = {10.1126/science.1065448}
}

@article{Annen.2017,
 author = {C. Annen},
 year = {2017},
 title = {Factors affecting the thickness of thermal aureoles},
 keywords = {Aureola termiczna;Modelowanie;Wulkanizm},
 pages = {1--13},
 volume = {5},
 issn = {2296-6463},
 journal = {Frontiers in Earth Science},
 doi = {10.3389/feart.2017.00082}
}

@article{Arctowski.1923a,
 author = {H. B. Arctowski},
 year = {1923a},
 title = {{Sur le degré géothermique dans quelques puits à pétrole en cours de forage à Bitków}},
 journal = {Komunikaty Instytutu Geofizyki i Meteorologii UJK we Lwowie},
 volume = {4},
 pages = {1--8},
 address = {Lwów}
}

@article{Arctowski.1923b,
 author = {H. B. Arctowski},
 year = {1923b},
 title = {{Essais de détermination du degré géothermique dans le puits Ratoczyn 5 à Borysław}},
 journal = {Komunikaty Instytutu Geofizyki i Meteorologii UJK we Lwowie},
 volume = {5},
 pages = {1--6},
 address = {Lwów}
}

@book{Arctowski.1923c,
 author = {H. B. Arctowski}, 
 year = {1923c},
 title = {{Nouvelles recherches sur les gradients thermiques dans les puits à pétrole de Borysław, Krosno et Bitków}},
 publisher = {Komunikaty Instytutu Geofizyki i Meteorologii UJK we Lwowie},
 volume = {7},
 pages = {1--45},
 address = {Lwów}
}
 
@article{Awdankiewicz.2005,
 author = {M. Awdankiewicz},
 year = {2005},
 title = {Reconstructing an eroded scoria cone: the {M}iocene {S}ośnica {H}ill volcano ({L}ower {S}ilesia, {SW} {P}oland)},
 keywords = {Blok przedsudecki;CEVP;Masyw Czeski;Ryft {E}geru;Sudety;Wulkanizm},
 pages = {439--448},
 volume = {49},
 number = {4},
 journal = {Geol. Quart.}
}

@article{Babuska.2017,
 author = {V. Babu{\v{s}}ka and J. Plomerov{\'a}},
 year = {2017},
 title = {Lateral displacement of crustal units relative to underlying mantle lithosphere: {E}xample from the {B}ohemian {M}assif},
 keywords = {Gradient termiczny;Litosfera;Masyw Czeski;Masywy waryscyjskie;P{\l}aszcz;Ryft {E}geru},
 pages = {125--138},
 volume = {52},
 journal = {Gondwana Research},
 doi = {10.1016/j.gr.2017.08.008}
}

@article{Babuska.2010,
 author = {V. Babu{\v{s}}ka and J. Fiala and J. Plomerov{\'a}},
 year = {2010},
 title = {Bottom to top lithosphere structure and evolution of western {E}ger Rift ({C}entral {E}urope)},
 keywords = {CEVP;ECRIS;Ekstensja;Europa {\'s}rodkowa;Litosfera;Masyw Czeski;Ryft {E}geru},
 pages = {891-907},
 volume = {99},
 number = {4},
 issn = {1437--3254},
 journal = {International Journal of Earth Sciences},
 doi = {10.1007/s00531-009-0434-4}
}

@article{Babuska.2001,
 author = {V. Babu{\v{s}}ka and J. Plomerov{\'a}},
 year = {2001},
 title = {Subcrustal lithosphere around the {S}axothuringian-{M}oldanubian {S}uture {Z}one --- a model derived from anisotropy of seismic wave velocities},
 keywords = {Litosfera;Masyw Czeski;Masywy waryscyjskie;Sejsmika},
 pages = {185--199},
 volume = {332},
 number = {1--2},
 issn = {00401951},
 journal = {Tectonophysics},
 doi = {10.1016/S0040-1951(00)00255-9}
}

@article{Badura.2005,
 author = {J. Badura and Z. P{\'e}cskay and E. Koszowska and A. Wolska and W. Zuchiewicz and B. Przybylski},
 year = {2005},
 title = {New age and petrological constraints on lower {S}ilesian basaltoids, {SW} {P}oland},
 keywords = {Datowanie;Masyw Czeski;Ryft {E}geru;Sudety;Wulkanizm},
 pages = {7--15},
 volume = {2},
 number = {3(139)},
 journal = {Acta Geodyn. Geomater.}
}

@article{Badura.2004,
 author = {J. Badura and B. Przybylski},
 year = {2004},
 title = {Dolno{\'s}l{\k{a}}ska formacja bazaltowa. [W:] Budowa geologiczna {P}olski. Tom I. Stratygrafia. Cz{\k{e}}{\'s}{\'c} 3a. {K}enozoik. {P}aleogen, {N}eogen. Peryt T. M., Piwocki M. (red.). {P}a{\'n}stowy {I}nstytut {G}eologiczny, {W}arszawa},
 keywords = {CEVP;ECRIS;Sudety;Wulkanizm},
 pages = {161-168}
}

@proceedings{Bar.2014,
 year = {2014},
 title = {3{D}-model of the deep geothermal potentials of {H}esse ({G}ermany) for {E}nhanced {G}eothermal {S}ystems},
 keywords = {ECRIS;Geotermia;Modelowanie 3D;Niemcy},
 editor = {K. B{\"a}r and I. Sass}
}

@article{Becker.1993,
 author = {A. Becker},
 year = {1993},
 title = {An attempt to define a {\dq}neotectonic period{\dq} for central and northern {E}urope},
 keywords = {CEVP;ECRIS;Europa {\'s}rodkowa;Napr{\k{e}}{\.z}enia tektoniczne;Wulkanizm},
 pages = {67-83},
 volume = {82},
 number = {1},
 issn = {0940-5429},
 journal = {Geologische Rundschau},
 doi = {10.1007/BF00563271}
}

@article{Bekesi.2017,
 author = {E. Békési and L. Lenkey and J. Limberger and K. Porkoláb and A. Balázs and D. Bonté and M. Vrijlandt and F. Horváth and S. Cloetingh and J. D. {van Wees}},
 year = {2017},
 title = {Subsurface temperature model of the {H}ungarian part of the {P}annonian {B}asin},
 keywords = {Basen pano{\'n}ski;Hydrogeologia;Modelowanie 3D},
 issn = {09218181},
 journal = {Global and Planetary Change},
 doi = {10.1016/j.gloplacha.2017.09.020}
}

@article{Ber.2007,
 author = {A. Ber and L. Lindner and L. Marks},
 year = {2007},
 title = {Propozycja podzia{\l}u stratygraficznego czwartorz{\k{e}}du {P}olski},
 keywords = {Stratygrafia;Zlodowacenia},
 pages = {115--118},
 volume = {55},
 number = {2},
 journal = {Prz. Geol.}
}

@article{Bijwaard.1999,
 author = {H. Bijwaard and W. Spakman},
 year = {1999},
 title = {Tomographic evidence for a narrow whole mantle plume below {I}celand},
 keywords = {CEVP;Pi{\'o}ropusze p{\l}aszcza;P{\l}aszcz;Sejsmika;Wulkanizm},
 pages = {121-126},
 volume = {166},
 number = {3--4},
 journal = {Earth and Planetary Science Letters},
 doi = {10.1016/S0012-821X(99)00004-7}
}

@article{Birkenmajer.2011,
 author = {K. Birkenmajer and Z. Pécskay and J. Grabowski and M. W. Lorenc and P. P. Zagożdżon},
 year = {2011},
 title = {Radiometric dating of the {T}ertiary volcanics in {L}ower {S}ilesia, {P}oland. {VI}. {K}-{A}r and palaeomagnetic data from basaltic rocks of the {W}est {S}udety {M}ountains and their northern foreland},
 keywords = {CEVP;Datowanie;Sudety;Wulkanizm},
 pages = {115--131},
 number = {2},
 volume = {81},
 journal = {Annales Societatis Geologorum Poloniae},
}

@article{Birkenmajer.2002,
 author = {K. Birkenmajer and Z. Pécskay and J. Grabowski and M. W. Lorenc and P. P. Zagożdżon},
 year = {2002},
 title = {Radiometric dating of the {T}ertiary volcanics in {L}ower {S}ilesia, {P}oland. {II}. {K}-{Ar} and palaeomagnetic data from {N}eogene basanites near {L}{\k{a}}dek {Z}dr{\'o}j, {S}udetes {M}ts},
 keywords = {CEVP;Datowanie;Sudety;Wulkanizm},
 pages = {119--129},
 volume = {72},
 number = {2},
 journal = {Annales Societatis Geologorum Poloniae},
}


@book{Blomberg.1996,
 author = {T. Blomberg},
 year = {1996},
 title = {Heat conduction in two and three dimensions: {C}omputer modelling of building physics applications},
 keywords = {Modelowanie;Modelowanie 3D;Transfer ciep{\l}a},
 address = {Lund, Sweden},
 publisher = {{Lund University, Dept. of Building Physics}},
 isbn = {91-88722-05-8},
}

@article{Boldizsar.1964,
 author = {T. Boldizs{\'a}r},
 year = {1964},
 title = {Terrestrial heat flow in the {C}arpathians},
 keywords = {Basen pano{\'n}ski;Strumie{\'n} cieplny},
 pages = {5269--5275},
 volume = {69},
 number = {24},
 issn = {01480227},
 journal = {Journal of Geophysical Research},
 doi = {10.1029/JZ069i024p05269}
}

@article{Botor.2017,
 author = {D. Botor and I. Dunkl and A. Anczkiewicz and S. Mazur},
 year = {2017},
 title = {Post-{V}ariscan thermal history of the {M}oravo-{S}ilesian lower {C}arboniferous {C}ulm {B}asin ({NE} {C}zech {R}epublic -- {SW} {P}oland)},
 keywords = {ECRIS;Ekstensja;Historia termiczna;Litosfera;Masyw Czeski;Masywy waryscyjskie},
 pages = {643--662},
 volume = {712--713},
 issn = {00401951},
 journal = {Tectonophysics},
 doi = {10.1016/j.tecto.2017.06.035}
}

@article{Bourgeois.2007,
 author = {O. Bourgeois and M. Ford and M. Diraison and C. Carlier de {Le Veslud} and M. Gerbault and R. Pik and N. Ruby and S. Bonnet},
 year = {2007},
 title = {Separation of rifting and lithospheric folding signatures in the {NW}-{A}lpine foreland},
 keywords = {Alpy;ECRIS;Ekstensja;Masywy waryscyjskie;Wulkanizm},
 pages = {1003--1031},
 volume = {96},
 number = {6},
 issn = {1437-3254},
 journal = {International Journal of Earth Sciences},
 doi = {10.1007/s00531-007-0202-2}
}

@article{Brys.2018,
 author = {K. Bry{\'s} and T. Bry{\'s} and M. A. Sayegh and H. Ojrzy{\'n}ska},
 year = {2018},
 title = {Subsurface shallow depth soil layers thermal potential for ground heat pumps in {P}oland},
 keywords = {Geotermia;Gradient termiczny;Litosfera;Sudety;Zlodowacenia},
 pages = {64--75},
 volume = {165},
 issn = {03787788},
 journal = {Energy and Buildings},
 doi = {10.1016/j.enbuild.2018.01.015}
}

@book{Buchan.2001,
 author = {K. L. Buchan and R. E. Ernst},
 year = {2001},
 title = {Special {P}aper 352: {M}antle plumes: their identification through time},
 publisher = {{Geological Society of America}},
 isbn = {0-8137-2352-3},
 doi = {10.1130/0-8137-2352-3},
 url = {https://books.google.pl/books?hl=pl&lr=&id=X4W9aGXDa9cC&oi=fnd&pg=PA1&dq=Special+Paper+352:+Mantle+plumes:+their+identification+through+time&ots=BTjsqzezaN&sig=C6jdQFYRi_XFWKwvZj8vc49R5rE&redir_esc=y#v=onepage&q=Special%20Paper%20352%3A%20Mantle%20plumes%3A%20their%20identification%20through%20time&f=false}
}

@article{Buchner.2015,
 author = {J. B{\"u}chner and O. Tietz and L. Viereck and P. Suhr and M. Abratis},
 year = {2015},
 title = {Volcanology, geochemistry and age of the {L}ausitz {V}olcanic {F}ield},
 keywords = {CEVP;Geochemia;Masywy waryscyjskie;Ryft {E}geru;Sudety;Wulkanizm},
 pages = {2057--2083},
 volume = {104},
 number = {8},
 issn = {1437-3254},
 journal = {International Journal of Earth Sciences},
 doi = {10.1007/s00531-015-1165-3}
}

@article{Buikin.2005,
 author = {A. Buikin and M. Trieloff and J. Hopp and T. Althaus and E. Korochantseva and W. H. Schwarz and R. Altherr},
 year = {2005},
 title = {Noble gas isotopes suggest deep mantle plume source of late {C}enozoic mafic alkaline volcanism in {E}urope},
 keywords = {CEVP;Geochemia;Konwekcja;Pi{\'o}ropusze p{\l}aszcza;P{\l}aszcz;Wulkanizm},
 pages = {143--162},
 volume = {230},
 number = {1--2},
 journal = {Earth and Planetary Science Letters},
 doi = {10.1016/j.epsl.2004.11.001}
}

@article{Cajz.2013,
 author = {V. Cajz and Z. Skacelova and P. Schnabl and M. Radon},
 year = {2013},
 title = {Upper {C}enozoic volcanic activity in {N}orthern {M}oravia: reconstruction, paleomagnetism, geophysical image, proposal of litostratigrapgy},
 keywords = {CEVP;Masyw Czeski;Stratygrafia;Wulkanizm},
 pages = {20--25},
 volume = {46},
 journal = {Geoscience Research Reports}
}

@article{Cajz.2012,
 author = {V. Cajz and J. Vale{\v{c}}ka},
 year = {2012},
 title = {Tectonic setting of the {O}h{\v{r}}e/{E}ger Graben between the central part of the {{\v{C}}esk{\'e}} st{\v{r}}edoho{\v{r}}{\'i} {M}ts. and the {M}ost {B}asin, a regional study},
 keywords = {CEVP;Ekstensja;Masyw Czeski;Napr{\k{e}}{\.z}enia tektoniczne;Ryft {E}geru;Wulkanizm},
 pages = {201--215},
 issn = {18031943},
 journal = {Journal of GEOsciences},
 doi = {10.3190/jgeosci.075}
}

@article{Cajz.2009,
 author = {V. Cajz and V. Rapprich and V. Erban and Z. P{\'e}cskay and M. Rado{\v{n}}},
 year = {2009},
 title = {Late {M}iocene volcanic activity in the {\v{C}}esk{\'e} st{\v{r}}edoho{\v{r}}{\'i} {M}ountains ({O}h{\v{r}}e/{E}ger Graben, northern {B}ohemia)},
 keywords = {CEVP;Datowanie;Ekstensja;Geochemia;Masyw Czeski;Ryft {E}geru;Wulkanizm},
 pages = {277},
 volume = {60},
 number = {6},
 issn = {1336-8052},
 journal = {Geologica Carpathica},
 doi = {10.2478/v10096-009-0038-8}
}

@article{Carminati.2009,
 author = {E. Carminati and M. Cuffaro and C. Doglioni},
 year = {2009},
 title = {{C}enozoic uplift of {E}urope},
 keywords = {Alpy;Astenosfera;ECRIS;Masywy waryscyjskie;Pi{\'o}ropusze p{\l}aszcza;P{\l}aszcz},
 volume = {28},
 number = {4},
 issn = {02787407},
 journal = {Tectonics},
 doi = {10.1029/2009TC002472}
}

@article{Carry.2009,
 author = {N. Carry and F. Gueydan and J. P. Brun and D. Marquer},
 year = {2009},
 title = {Mechanical decoupling of high-pressure crustal units during continental subduction},
 pages = {13--25},
 volume = {278},
 journal = {Earth Planet. Sci. Let.},
 doi = {10.1016/j.epsl.2008.11.019}
}

@article{Castelluccio.2016,
 author = {A. Castelluccio and S. Mazzoli and B. Andreucci and L. Jankowski and R. Szaniawski and M. Zattin},
 year = {2016},
 title = {Building and exhumation of the {W}estern {C}arpathians: New constraints from sequentially restored, balanced cross sections integrated with low-temperature thermochronometry},
 keywords = {Karpaty;Napr{\k{e}}{\.z}enia tektoniczne},
 pages = {2698--2733},
 volume = {35},
 number = {11},
 issn = {02787407},
 journal = {Tectonics},
 doi = {10.1002/2016TC004190}
}

@article{Ceriani.2001,
 author = {S. Ceriani and B. Fügenschuh and S. M. Schmid},
 year = {2001},
 title = {{Multi-stage thrusting at the "Penninic Front" in the Western Alps between Mont Blanc and Pelvoux massifs}},
 pages = {685--702},
 volume = {90},
 journal = {Int. J. Earth Sci. (Geol. Rundsch)},
 doi = {10.1007/s005310000188}
}

@article{Cermak.1998,
 author = {V. {\v{C}}erm{\'a}k and E. Hurtig},
 year = {1998},
 title = {Heat flow map of {E}urope revised},
 keywords = {Europa {\'s}rodkowa;Gradient termiczny;Litosfera;Sejsmika;Strumie{\'n} cieplny}
}

@article{Cermak.1993,
 author = {Vladim{\'i}r Cermak},
 year = {1993},
 title = {Lithospheric thermal regimes in {E}urope},
 keywords = {Bud{\.z}et ciep{\l}a;Gradient termiczny;Litosfera;P{\l}aszcz;Strumie{\'n} cieplny;{\'Z}r{\'o}d{\l}a ciep{\l}a},
 pages = {179--193},
 volume = {79},
 number = {1--2},
 issn = {00319201},
 journal = {Physics of the Earth and Planetary Interiors},
 doi = {10.1016/0031-9201(93)90147-2}
}

@incollection{Cermak.1991a,
 author = {V. {\v{C}}erm{\'a}k and L. Bodri and L. Rybach},
 title = {Radioactive heat production in the continental crust and its depth dependence},
 keywords = {Litosfera;Sejsmika;Strumie{\'n} cieplny;{\'Z}r{\'o}d{\l}a ciep{\l}a},
 pages = {23--69},
 publisher = {{Springer Berlin Heidelberg}},
 isbn = {978-3-642-75584-2},
 series = {Exploration of the Deep Continental Crust},
 editor = {H.-J Behr and C. B.  Raleigh and Vladim{\'i}r {\v{C}}erm{\'a}k and Ladislaus Rybach},
 booktitle = {Terrestrial Heat Flow and the Lithosphere Structure},
 year = {1991},
 address = {Berlin, Heidelberg},
 doi = {10.1007/978-3-642-75582-8{\textunderscore }2}
}

@incollection{Cermak.1991b,
 author = {V. {\v{C}}erm{\'a}k and M. Kr{\'a}l and M. Kre{\v{s}}l and J. Kub{\'i}k and J. {\v{S}}afanda},
 title = {Heat flow, regional geophysics and lithosphere structure in {C}zechoslovakia and adjacent part of {C}entral {E}urope},
 keywords = {Europa {\'s}rodkowa;Litosfera;Sejsmika;Strumie{\'n} cieplny;{\'Z}r{\'o}d{\l}a ciep{\l}a},
 pages = {133--165},
 editor = {H. J. Behr and C. B.  Raleigh and Vladim{\'i}r {\v{C}}erm{\'a}k and Ladislaus Rybach},
 booktitle = {Terrestrial Heat Flow and the Lithosphere Structure},
 doi = {10.1007/978-3-642-75582-8{\textunderscore }6}
}

@book{Cermak.1979,
 author = {V. {\v{C}}erm{\'a}k and L. Rybach},
 year = {1979},
 title = {Terrestrial heat flow in {E}urope},
 keywords = {Europa {\'s}rodkowa;Geotermia;Hydrogeologia;Litosfera;Napr{\k{e}}{\.z}enia tektoniczne;P{\l}aszcz;Strumie{\'n} cieplny},
 address = {Berlin, Heidelberg},
 publisher = {Springer Berlin Heidelberg},
 isbn = {978-3-642-95359-0},
 doi = {10.1007/978-3-642-95357-6}
}

@article{Cermak.1975,
 author = {V. Cerm{\'a}k},
 year = {1975},
 title = {Terrestrial heat flow in the {N}eogene foredeep and the flysch zone of the {C}zechoslovak {C}arpathians},
 keywords = {Karpaty;Strumie{\'n} cieplny;Zapadlisko przedkarpackie},
 pages = {8--13},
 volume = {4},
 number = {1--4},
 issn = {03756505},
 journal = {Geothermics},
 doi = {10.1016/0375-6505(75)90003-6}
}

@article{ChalotPrat.2000,
 author = {F. Chalot-Prat and R. Girbacea},
 year = {2000},
 title = {Partial delamination of continental mantle lithosphere, uplift-related crust-mantle decoupling, volcanism and basin formation: {A} new model for the {P}liocene-{Q}uaternary evolution of the southern {E}ast-{C}arpathians, {R}omania},
 keywords = {Delaminacja litosfery;Karpaty;Litosfera},
 pages = {83--107},
 volume = {327},
 number = {1--2},
 issn = {00401951},
 journal = {Tectonophysics},
 doi = {10.1016/S0040-1951(00)00155-4}
}

@article{Cloetingh.2010,
 author = {S. Cloetingh and J. D. {van Wees} and P. A. Ziegler and L. Lenkey and F. Beekman and M. Tesauro and A. F{\"o}rster and B. Norden and M. Kaban and N. Hardebol},
 year = {2010},
 title = {Lithosphere tectonics and thermo-mechanical properties: {A}n integrated modelling approach for {E}nhanced {G}eothermal {S}ystems exploration in {E}urope},
 keywords = {ECRIS;Ekstensja;Europa {\'s}rodkowa;Geotermia;Gradient termiczny;Litosfera;Modelowanie 3D;Napr{\k{e}}{\.z}enia tektoniczne;Sejsmika;Strumie{\'n} cieplny},
 pages = {159--206},
 volume = {102},
 number = {3--4},
 issn = {00128252},
 journal = {Earth-Science Reviews},
 doi = {10.1016/j.earscirev.2010.05.003}
}

@article{Cloetingh.2006,
 author = {S. Cloetingh and T. Cornu and P. Ziegler and F. Beekman},
 year = {2006},
 title = {Neotectonics and intraplate continental topography of the northern {A}lpine {F}oreland},
 keywords = {Alpy;Litosfera;Masywy waryscyjskie;Napr{\k{e}}{\.z}enia tektoniczne},
 pages = {127--196},
 volume = {74},
 number = {3--4},
 issn = {00128252},
 journal = {Earth-Science Reviews},
 doi = {10.1016/j.earscirev.2005.06.001}
}

@article{Csontos.2004,
 author = {L. Csontos and A. V{\"o}r{\"o}s},
 year = {2004},
 title = {Mesozoic plate tectonic reconstruction of the {C}arpathian region},
 keywords = {Basen pano{\'n}ski;Ekstensja;Karpaty;Litosfera;Rotacja p{\l}yt;Tektonika napr{\k{e}}{\.z}e{\'n};Tektonika p{\l}yt},
 pages = {1--56},
 volume = {210},
 number = {1},
 issn = {00310182},
 journal = {Palaeogeography, Palaeoclimatology, Palaeoecology},
 doi = {10.1016/j.palaeo.2004.02.033}
}

@article{Cymerman.2016,
 author = {Z. Cymerman},
 year = {2016},
 title = {Kopu{\l}a orlicko-{\'s}nie{\.z}nicka w {\'s}wietle rozwa{\.z}a{\'n} tektonicznych},
 keywords = {Masyw Czeski;Masywy waryscyjskie;Napr{\k{e}}{\.z}enia tektoniczne;Sudety;Tektonika p{\l}yt},
 pages = {814--830},
 volume = {64},
 number = {10},
 journal = {Przegl{\k{a}}d Geologiczny}
}

@article{Cymerman.1994,
 author = {Z. Cymerman and M.A.J. Piasecki},
 year = {1994},
 title = {The terrane concept in the {S}udetes, {B}ohemian {M}assif},
 keywords = {Masyw Czeski;Napr{\k{e}}{\.z}enia tektoniczne;Sudety;Tektonika p{\l}yt},
 pages = {191--210},
 volume = {38},
 number = {2},
 journal = {Geol. Quart.}
}

@article{Cwiek.2017,
 author = {M. {\'C}wiek and M. Matusiak-Ma{\l}ek and J. Puziewicz and T. Ntaflos},
 year = {2017},
 title = {Lithospheric mantle beneath {NE} part of {B}ohemian {M}assif and its relation to overlying crust: {N}ew insights from {P}ilchowice xenolith suite, {S}udetes, {SW} {P}oland},
 keywords = {CEVP;Litosfera;Masyw Czeski;Masywy waryscyjskie;P{\l}aszcz;Wulkanizm},
 pages = {2235},
 volume = {48},
 number = {2},
 issn = {1437-3254},
 journal = {International Journal of Earth Sciences},
 doi = {10.1007/s00531-017-1568-4}
}

@article{Deconto.2008,
 abstract = {The long-standing view of {E}arth's {C}enozoic glacial history calls for the first continental-scale glaciation of Antarctica in the earliest Oligocene epoch ( approximately 33.6 million years ago), followed by the onset of northern-hemispheric glacial cycles in the late Pliocene epoch, about 31 million years later. The pivotal early Oligocene event is characterized by a rapid shift of 1.5 parts per thousand in deep-sea benthic oxygen-isotope values (Oi-1) within a few hundred thousand years, reflecting a combination of terrestrial ice growth and deep-sea cooling. The apparent absence of contemporaneous cooling in deep-sea Mg/Ca records, however, has been argued to reflect the growth of more ice than can be accommodated on Antarctica; this, combined with new evidence of continental cooling and ice-rafted debris in the Northern Hemisphere during this period, raises the possibility that Oi-1 represents a precursory bipolar glaciation. Here we test this hypothesis using an isotope-capable global climate/ice-sheet model that accommodates both the long-term decline of {C}enozoic atmospheric CO(2) levels and the effects of orbital forcing. We show that the CO(2) threshold below which glaciation occurs in the Northern Hemisphere ( approximately 280 p.p.m.v.) is much lower than that for Antarctica ( approximately 750 p.p.m.v.). Therefore, the growth of ice sheets in the Northern Hemisphere immediately following Antarctic glaciation would have required rapid CO(2) drawdown within the Oi-1 timeframe, to levels lower than those estimated by geochemical proxies and carbon-cycle models. Instead of bipolar glaciation, we find that Oi-1 is best explained by Antarctic glaciation alone, combined with deep-sea cooling of up to 4 degrees C and Antarctic ice that is less isotopically depleted (-30 to -35 per thousand) than previously suggested. Proxy CO(2) estimates remain above our model's northern-hemispheric glaciation threshold of approximately 280 p.p.m.v. until approximately 25 Myr ago, but have been near or below that level ever since. This implies that episodic northern-hemispheric ice sheets have been possible some 20 million years earlier than currently assumed (although still much later than Oi-1) and could explain some of the variability in {M}iocene sea-level records.},
 author = {R. M. Deconto and D. Pollard and P. A. Wilson and H. P{\"a}like and C. H. Lear and M. Pagani},
 year = {2008},
 title = {Thresholds for {C}enozoic bipolar glaciation},
 keywords = {Geochemia;Stratygrafia;Zlodowacenia},
 pages = {652--656},
 volume = {455},
 number = {7213},
 journal = {Nature},
 doi = {10.1038/nature07337}
}

@article{Dewey.1989,
 author = {J. Dewey and M. Helman and S. D. Knott and E. Turco and D. H. W. Hutton},
 year = {1989},
 month = {01},
 pages = {265--283},
 title = {{Kinematics of the western Mediterranean}},
 volume = {45},
 booktitle = {Geological Society, London, Special Publications},
 doi = {10.1144/GSL.SP.1989.045.01.15}
}

@article{Dezes.2004,
 author = {P. D{\`e}zes and S. M. Schmid and P. A. Ziegler},
 year = {2004},
 title = {Evolution of the {E}uropean {C}enozoic {R}ift {S}ystem: {I}nteraction of the {A}lpine and {P}yrenean orogens with their foreland lithosphere},
 keywords = {Alpy;ECRIS;Ekstensja;Litosfera;Masywy waryscyjskie;Napr{\k{e}}{\.z}enia tektoniczne;P{\l}aszcz;Subdukcja;Tektonika p{\l}yt},
 pages = {1--33},
 volume = {389},
 number = {1--2},
 issn = {00401951},
 journal = {Tectonophysics},
 doi = {10.1016/j.tecto.2004.06.011}
}

@article{Driscoll.1998,
 author = {N. W. Driscoll},
 year = {1998},
 title = {A short circuit in thermohaline circulation: {A} cause for northern hemisphere glaciation?},
 keywords = {Zlodowacenie},
 pages = {436--438},
 volume = {282},
 number = {5388},
 journal = {Science},
 doi = {10.1126/science.282.5388.436}
}

@article{Duncan.1972,
 author = {R. A. Duncan and N. Petersen and R. B. Hargraves},
 year = {1972},
 title = {Mantle plumes, movement of the {E}uropean plate and polar wandering},
 keywords = {CEVP;Litosfera;Pi{\'o}ropusze p{\l}aszcza;P{\l}aszcz;Wulkanizm},
 pages = {82--86},
 volume = {239},
 number = {5367},
 journal = {Nature},
 doi = {10.1038/239082a0}
}

@article{Ebner.1995,
 author = {F. Ebner and R. F. Sachsenhofer},
 year = {1995},
 title = {Palaeogeography, subsidence and thermal history of the {N}eogene {S}tyrian {B}asin ({P}annonian basin system, {A}ustria)},
 keywords = {Basen pano{\'n}ski;Ekstensja;Europa {\'s}rodkowa;Historia termiczna;Karpaty;Litosfera;Wulkanizm},
 pages = {133--150},
 volume = {242},
 number = {1--2},
 issn = {00401951},
 journal = {Tectonophysics},
 doi = {10.1016/0040-1951(94)00155-3}
}

@article{Ehlers.2007,
 author = {J. Ehlers and P. L. Gibbard},
 year = {2007},
 title = {{The extent and chronology of Cenozoic Global Glaciation}},
 pages = {6--20},
 volume = {164--165},
 journal = {Quaternary International},
 doi = {10.1016/j.quaint.2006.10.008}
}

@article{Eross.2015,
 author = {A. Erőss and F. Zsemle and E. Pulay},
 year = {2015},
 title = {Heat potential evaluation of effluent and used thermal waters in {B}udapest, {H}ungary},
 keywords = {Basen pano{\'n}ski;Geotermia;Hydrogeologia},
 pages = {62--71},
 volume = {58},
 number = {1--2},
 issn = {1788-2281},
 journal = {Central {E}uropean Geology},
 doi = {10.1556/24.58.2015.1--2.4}
}

@article{Filippelli.2009,
 author = {G. M. Filippelli and J. A. Flores},
 year = {2009},
 title = {{From the warm Pliocene to the cold Pleistocene: A tale of two oceans}},
 pages = {959--960},
 volume = {37},
 number = {10},
 journal = {Geology},
 doi = {10.1130/focus102009.1}
}

@article{Fjeldskaar.2008,
 author = {W. Fjeldskaar and H. M. Helset and H. Johansen and I. Grunnaleite and I. Horstad},
 year = {2008},
 title = {Thermal modelling of magmatic intrusions in the {G}jallar {R}idge, {N}orwegian {S}ea: implications for vitrinite reflectance and hydrocarbon maturation},
 keywords = {Gradient termiczny;Modelowanie 3D;Wulkanizm},
 pages = {143--159},
 number = {20},
 journal = {Basin Research},
 doi = {10.1111/j.1365-2117.2007.00347.x}
}

@article{Fodor.1999,
 author = {L. Fodor and L. Csontos and G. Bada and I. Györfi and L. Benkovics},
 year = {1999},
 title = {Tertiary tectonic evolution of the {P}annonian {B}asin system and neighbouring orogens: {A} new synthesis of palaeostress data},
 keywords = {Basen pano{\'n}ski;Ekstensja;Karpaty;Napr{\k{e}}{\.z}enia tektoniczne;Sejsmika;Tektonika p{\l}yt},
 pages = {295--334},
 volume = {156},
 number = {1},
 issn = {0305-8719},
 journal = {Geological Society, London, Special Publications},
 doi = {10.1144/GSL.SP.1999.156.01.15}
}

@book{Foulger.2011,
 year = {2011},
 title = {Plates, plumes, and paradigms},
 keywords = {Mantle plumes;Plate tectonics;Seismology;Volcanism},
 address = {Boulder, Colorado},
 volume = {388},
 publisher = {Geological Society of America},
 isbn = {0-8137-2388-4},
 series = {Special paper},
 editor = {G. R. Foulger and J. H. Natland and D. C. Presnall and D. L. Anderson},
 doi = {10.1130/0-8137-2388-4}
}

@article{Gallino.2009,
 author = {S. Gallino and J. Y. Josnin and M. Dzikowski and F. Cornaton and D. Gasquet},
 year = {2009},
 title = {The influence of paleoclimatic events on the functioning of an {A}lpine thermal system ({F}rance): The contribution of hydrodynamic-thermal modeling},
 keywords = {Alpy;Hydrogeologia;Modelowanie;Strumie{\'n} cieplny;Zlodowacenia},
 pages = {1887--1900},
 volume = {17},
 number = {8},
 issn = {1431-2174},
 journal = {Hydrogeology Journal},
 doi = {10.1007/s10040-009-0510-7}
}

@article{Galushkin.1997,
 author = {Y. Galushkin},
 year = {1997},
 title = {Thermal effects of igneous intrusions on maturity of organic matter: {A} possible mechanism of intrusion},
 keywords = {Gradient termiczny;Wulkanizm},
 pages = {645--658},
 volume = {26},
 number = {11--12},
 issn = {01466380},
 journal = {Organic Geochemistry},
 doi = {10.1016/S0146-6380(97)00030-2}
}

@article{Geissler.2007,
 author = {W. H. Geissler and H. K{\"a}mpf and W. Seifert and P. Dulski},
 year = {2007},
 title = {Petrological and seismic studies of the lithosphere in the earthquake swarm region {V}ogtland/{NW} {B}ohemia, central {E}urope},
 pages = {33--69},
 volume = {159},
 number = {1--3},
 issn = {03770273},
 journal = {Journal of Volcanology and Geothermal Research},
 doi = {10.1016/j.jvolgeores.2006.06.011}
}

@article{Gerslova.2016,
 author = {E. Ger{\v{s}}lov{\'a} and M. Goldbach and M. Ger{\v{s}}l and P. Skupien},
 year = {2016},
 title = {Heat flow evolution, subsidence and erosion in {U}pper {S}ilesian {C}oal {B}asin, {C}zech {R}epublic},
 pages = {30--42},
 volume = {154--155},
 issn = {01665162},
 journal = {International Journal of Coal Geology},
 doi = {10.1016/j.coal.2015.12.007}
}

@article{Goes.1999,
 abstract = {{C}enozoic rifting and volcanism in {E}urope have been associated with either passive or active mantle upwellings. Tomographic images show a low velocity structure between 660- and 2000-kilometer depth, which we propose to represent a lower mantle upwelling under central {E}urope that may feed smaller upper-mantle plumes. The position of the rift zones in the foreland of the Alpine belts and the relatively weak volcanism compared to other regions with plume-associated volcanism are probably the result of the past and present subduction under southern {E}urope.},
 author = {S. Goes and W. Spakman and H. Bijwaard},
 year = {1999},
 title = {A lower mantle source for {C}entral {E}uropean volcanism},
 pages = {1928--1931},
 volume = {286},
 number = {5446},
 journal = {Science}
}

@article{Grad.2016,
 author = {M. Grad and M. Polkowski},
 year = {2016},
 title = {Seismic basement in {P}oland},
 pages = {1199--1214},
 volume = {105},
 number = {4},
 issn = {1437-3254},
 journal = {International Journal of Earth Sciences},
 doi = {10.1007/s00531-015-1233-8}
}

@book{Grad.2010,
 author = {M. Grad and A. Guterch},
 year = {2010},
 title = {Struktura litosfery i geodynamika {E}uropy {C}entralnej w {\'s}wietle eksperyment{\'o}w sejsmicznych {POLONAISE'97, CELEBRATION 2000, ALP 2002} i {SUDETES 2003}},
 address = {Gliwice},
 publisher = {{KAPITA{\L} LUDZKI, Unia {E}uropejska, {E}uropejski Fundusz Spo{\l}eczny}},
 series = {POLSKIE I {\'S}WIATOWE OSI{\k{A}}GNI{\k{E}}CIA NAUKI, NAUKI  O ZIEMI.}
}

@article{Grad.2003,
 author = {M. Grad},
 year = {2003},
 title = {Crustal structure of the {T}rans-{E}uropean suture zone region along {POLONAISE'97} seismic profile {P4}},
 volume = {108},
 number = {B11},
 issn = {01480227},
 journal = {Journal of Geophysical Research},
 doi = {10.1029/2003JB002426}
}

@article{Granet.1995,
 author = {M. Granet and M. Wilson and U. Achauer},
 year = {1995},
 title = {Imaging a mantle plume beneath the {F}rench {M}assif {C}entral},
 pages = {281--296},
 volume = {136},
 number = {3--4},
 journal = {Earth and Planetary Science Letters},
 doi = {10.1016/0012-821X(95)00174-B}
}

@article{Grinc.2013,
 author = {M. Grin{\v{c}} and H. Zeyen and M. Bielik and D. Pla{\v{s}}ienka},
 year = {2013},
 title = {Lithospheric structure in {C}entral {E}urope: {I}ntegrated geophysical modelling},
 pages = {13--24},
 volume = {66},
 issn = {02643707},
 journal = {Journal of Geodynamics},
 doi = {10.1016/j.jog.2012.12.007}
}

@incollection{Grygar.2016,
 author = {R. Grygar},
 title = {Geology and tectonic development of the {C}zech {R}epublic},
 pages = {7--18},
 publisher = {{Springer International Publishing}},
 isbn = {978-3-319-27536-9},
 series = {World Geomorphological Landscapes},
 editor = {Tom{\'a}{\v{s}} P{\'a}nek and Jan Hradeck{\'y}},
 booktitle = {Landscapes and Landforms of the Czech Republic},
 year = {2016},
 doi = {10.1007/978-3-319-27537-6}
}

@article{Haloda.2012,
 author = {J. Haloda and V. Rapprich and F. V.  Holub and P. Halodov{\'a} and T. Vaculovi{\v{c}}},
 year = {2012},
 title = {Crystallization history of {O}ligocene ijolitic rocks from the {D}oupovsk{\'e} hory {V}olcanic {C}omplex ({C}zech {R}epublic)},
 pages = {279--297},
 issn = {18031943},
 journal = {Journal of GEOsciences},
 doi = {10.3190/jgeosci.076}
}

@article{Handy.2015,
 author = {M. R. Handy and K. Ustaszewski and E. Kissling},
 year = {2015},
 title = {{Reconstructing the Alps–Carpathians–Dinarides as a key to understanding switches in subduction polarity, slab gaps and surface motion}},
 pages = {1--26},
 volume = {104},
 journal = {Int. J. Earth. Sci. (Geol. Rundsch.)},
 doi = {10.1007/s00531-014-1060-3}
}

@article{Hansteen.1998,
 author = {T. H. Hansteen and A. Kl{\"u}gel and H. U. Schmincke},
 year = {1998},
 title = {Multi-stage magma ascent beneath the {C}anary {I}slands: {E}vidence from fluid inclusions},
 pages = {48--64},
 volume = {132},
 number = {1},
 issn = {0010-7999},
 journal = {Contributions to Mineralogy and Petrology},
 doi = {10.1007/s004100050404}
}

@article{Harangi.2007,
 author = {S. Harangi and L. Lenkey},
 year = {2007},
 title = {Genesis of the {N}eogene to {Q}uaternary volcanism in the {C}arpathian-{P}annonian region: {R}ole of subduction, extension, and mantle plume},
 pages = {67--92},
 number = {Special Paper 418},
 journal = {Geological Society of America}
}

@article{Head.2008,
 author = {M. J. Head and B. Pillans and S. A. Farquhar},
 year = {2008},
 title = {{The Early–Middle Pleistocene Transition: Characterization and proposed guide for the defining boundary}},
 pages = {255--259},
 volume = {31},
 number = {2},
 journal = {Episodes}
} 

@article{Helffrich.2001,
 author = {G. R. Helffrich and B. J. Wood},
 year = {2001},
 title = {{The Earth's mantle}},
 pages = {501--507},
 volume = {412},
 journal = {Nature}
}

@article{Henrich.1904,
 author = {F. Henrich},
 year = {1904},
 title = {{Über die Temperaturverhältnisse in dem Bohrloch Paruschowitz V.}},
 pages = {316--320},
 volume = {12},
 journal = {Zeitschrift für praktische Geologie}
}

@article{Heuer.2011,
 author = {B. Heuer and W. H. Geissler and R. Kind},
 year = {2011},
 title = {Receiver function search for a baby plume in the mantle transition zone beneath the {B}ohemian {M}assif},
 pages = {577--594},
 volume = {187},
 number = {2},
 journal = {Geophysical Journal International},
 doi = {10.1111/j.1365-246X.2011.05155.x}
}

@article{Heuer.2006,
 author = {B. Heuer and W. H. Geissler and R. Kind and H. K{\"a}mpf},
 year = {2006},
 title = {Seismic evidence for asthenospheric updoming beneath the western {B}ohemian {M}assif, central {E}urope},
 volume = {33},
 number = {L05311},
 issn = {0094-8276},
 journal = {Geophysical Research Letters},
 doi = {10.1029/2005GL025158}
}

@article{Huang.2018,
 author = {P. Huang and P. Wu and W. {van der Wal}},
 year = {2018},
 title = {Effects of mantle rheologies on viscous heating induced by {G}lacial {I}sostatic {A}djustment},
 pages = {157--168},
 volume = {213},
 number = {1},
 journal = {Geophysical Journal International},
 doi = {10.1093/gji/ggx535}
}

@article{Hrubcova.2017,
 author = {P. Hrubcov{\'a} and W. H. Geissler and K. Br{\"a}uer and V. Vavry{\v{c}}uk and {\v{C}}. Tomek and H. K{\"a}mpf},
 year = {2017},
 title = {Active magmatic underplating in {W}estern {E}ger Rift, {C}entral {E}urope},
 pages = {2846--2862},
 volume = {36},
 number = {12},
 issn = {02787407},
 journal = {Tectonics},
 doi = {10.1002/2017TC004710}
}

@article{Houben.2012,
 author = {A. J. P. Houben and C. A. {van Mourik} and A. Montanari and R. Coccioni and H. Brinkhuis},
 year = {2012},
 title = {The {E}ocene-{O}ligocene transition: {C}hanges in sea level, temperature or both?},
 pages = {75--83},
 volume = {335--336},
 issn = {00310182},
 journal = {Palaeogeography, Palaeoclimatology, Palaeoecology},
 doi = {10.1016/j.palaeo.2011.04.008}
}

@misc{Hoyer.2013,
 author = {S. Hoyer and M. Bottig and G. Goetzl and F. Zekiri},
 date = {2013},
 title = {Report on the numerical modelling at the {V}ienna {B}asin pilot area model; {S}tep 2: {S}cenario modelling},
 series = {{Geological and geothermal 3D modelling of the Vienna Basin, Austria - pilot area of the project TRANSENERGY}}
}

@article{Huismans.2002,
 author = {R. S. Huismans and Y. Y. Podladchikov and S. Cloetingh},
 year = {2002},
 title = {The {P}annonian basin: {D}ynamic modelling of the transition from passive to active rifting},
 volume = {41--63},
 number = {3},
 journal = {EGU Stephan Mueller Special Publication Series}
}

@article{Hoernle.1995,
 author = {K. Hoernle and Y. S. Zhang and D. Graham},
 year = {1995},
 title = {{Seismic and geochemical evidence for large-scale mantle upwelling beneath the eastern Atlantic and western and central {E}urope}},
 pages = {34--39},
 volume = {374},
 number = {6517},
 journal = {Nature},
 doi = {10.1038/374034a0}
}

@article{Horvath.2015,
 author = {F. Horváth and B. Musitz and A. Balázs and A. Végh and A. Uhrin and A. Nádor and B. Koroknai and N. Pap and T. Tóth and G. Wórum},
 year = {2015},
 title = {Evolution of the {P}annonian basin and its geothermal resources},
 pages = {328--352},
 volume = {53},
 issn = {03756505},
 journal = {Geothermics},
 doi = {10.1016/j.geothermics.2014.07.009}
}

@article{Horvath.1996,
 author = {F. Horv{\'a}th and S. Cloetingh},
 year = {1996},
 title = {Stress-induced late-stage subsidence anomalies in the {P}annonian basin},
 pages = {287--300},
 volume = {266},
 number = {1--4},
 issn = {00401951},
 journal = {Tectonophysics},
 doi = {10.1016/S0040-1951(96)00194-1}
}

@article{Hurtig.1995,
 author = {E. Hurtig},
 year = {1995},
 title = {Temperature and heat-flow density along {E}uropean transcontinental profiles},
 pages = {75--83},
 volume = {244},
 number = {1--3},
 issn = {00401951},
 journal = {Tectonophysics},
 doi = {10.1016/0040-1951(94)00218-X}
}

@incollection{Kereszturi.2013,
 author = {G. Kereszturi and K. N{\'e}meth},
 title = {Monogenetic basaltic volcanoes: {G}enetic classification, growth, geomorphology and degradation},
 publisher = {InTech},
 isbn = {978-953-51-0915-0},
 editor = {K{\'a}roly N{\'e}meth},
 booktitle = {Updates in volcanology},
 year = {2013},
 address = {Rijeka, Croatia},
 doi = {10.5772/51387}
}

@article{Kitover.2013,
 author = {D. C. Kitover and R. T. {van Balen} and D. M. Roche and J. Vandenberghe and H. Renssen},
 year = {2013},
 title = {New estimates of permafrost evolution during the last 21 k years in {E}urasia using numerical modelling},
 pages = {286--303},
 volume = {24},
 number = {4},
 issn = {10456740},
 journal = {Permafrost and Periglacial Processes},
 doi = {10.1002/ppp.1787}
}

@article{KnapmeyerEndrun.2013,
 author = {B. Knapmeyer-Endrun and F. Kr{\"u}ger and C. P. Legendre and W. H. Geissler},
 year = {2013},
 title = {Tracing the influence of the {T}rans-{E}uropean {S}uture {Z}one into the mantle transition zone},
 pages = {73--87},
 volume = {363},
 journal = {Earth and Planetary Science Letters},
 doi = {10.1016/j.epsl.2012.12.028}
}

@article{Konecny.2003,
 author = {V. Kone{\^c}ny and J. Lexa},
 year = {2003},
 title = {Evolution of the phreatomagmatic/extrusive/intrusive complex of the {B}ulhary maar-diatreme volcano in {S}outhern {S}lovakia},
 pages = {47--51},
 number = {15},
 journal = {Geolines}
}

@article{Konecny.2002,
 author = {V. Kone{\v{c}}n{\'y} and M. Kovac and J. Lexa and J. {\v{S}}efara},
 year = {2002},
 title = {Neogene evolution of the Carpatho-{P}annonian region: {A}n interplay of subduction and back-arc diapiric uprise in the mantle},
 pages = {165--194},
 number = {1},
 journal = {EGU Stephan Mueller Spec. Publ. Ser.}
}

@article{Korbar.2009,
 author = {T. Korbar},
 year = {2009},
 title = {Orogenic evolution of the {E}xternal {D}inarides in the {NE} {A}driatic region: {A} model constrained by tectonostratigraphy of {U}pper {C}retaceous to {P}aleogene carbonates},
 pages = {296--312},
 volume = {96},
 number = {4},
 issn = {00128252},
 journal = {Earth-Science Reviews},
 doi = {10.1016/j.earscirev.2009.07.004}
}

@article{Kovac.2007,
 author = {M. Kovac and A. Andreyeva-Grigorovich and Z. Bajraktarevic and R. Brzobohaty and S. Filipescu and L. Fodor and M. Harzhauser and A. Nagymarosy and N. Oszczypko and D. Pavelico and F. Rogl and B. Saftico and L. Sliva and B. Studencka},
 year = {2007},
 title = {{Badenian evolution of the Central Paratethys Sea: paleogeography, climate and eustatic sea-level changes}},
 pages = {579--606},
 volume = {58},
 number = {6},
 journal = {Geologia Carpathica}
}

@article{Kovacs.2012,
 author = {I. Kov{\'a}cs and Gy. Falus and G. Stuart and K. Hidas and Cs. Szab{\'o} and M.F.J. Flower and E. Hegedűs and K. Posgay and L. Zilahi-Sebess},
 year = {2012},
 title = {{Seismic anisotropy and deformation patterns in upper mantle xenoliths from the central Carpathian-{P}annonian region: Asthenospheric flow as a driving force for {C}enozoic extension and extrusion?}},
 pages = {168--179},
 volume = {514--517},
 issn = {00401951},
 journal = {Tectonophysics},
 doi = {10.1016/j.tecto.2011.10.022}
}

@article{Krochert.2009,
 author = {J. Kr{\"o}chert and M. Schmieder and T. Theye and E. Buchner},
 year = {2009},
 title = {{Considerations on the age of the Urach volcanic field (Southwest Germany)}},
 pages = {325--331},
 volume = {160},
 number = {4},
 issn = {18601804},
 journal = {Zeitschrift der Deutschen Gesellschaft f{\"u}r Geowissenschaften},
 doi = {10.1127/1860-1804/2009/0160-0325}
}

@article{Krzeminska.2011,
 author = {E. Krzemi{\'n}ska and M. Awdankiewicz},
 year = {2011},
 title = {{Historia geologiczna aktywno{\'s}ci wulkanicznej na obszarze Polski}},
 pages = {261--276},
 volume = {60},
 number = {3--4},
 journal = {Kosmos}
}

@article{Krzywiec.2006,
 author = {P. Krzywiec},
 year = {2006},
 title = {Geodynamiczne i tektoniczne uwarunkowania ewolucji basenów przedgórskich, z odniesieniami do zapadliska przedkarpackiego},
 pages = {404--412},
 volume = {54},
 number = {5},
 journal = {Prz. Geol.}
}

@article{Ladenberger.2009,
 author = {A. Ladenberger and P. Lazor and M. Michalik},
 year = {2009},
 title = {{CO$_2$ fluid inclusions in mantle xenoliths from Lower {S}ilesia (SW {P}oland): Formation conditions and decompression history}},
 pages = {751--761},
 volume = {21},
 number = {4},
 issn = {09351221},
 journal = {{E}uropean Journal of Mineralogy},
 doi = {10.1127/0935-1221/2009/0021-1930}
}

@article{Larsen.2016,
 author = {E. Larsen and O. Fredin and A. Lys{\aa} and A. Amantov and W. Fjeldskaar and D. Ottesen},
 year = {2016},
 title = {{Causes of time-transgressive glacial maxima positions of the last Scandinavian Ice Sheet}},
 issn = {23875844},
 journal = {Norwegian Journal of Geology},
 doi = {10.17850/njg96-2-06}
}

@article{Lebedev.2006,
 author = {S. Lebedev and T. Meier and R. D. {van der Hilst}},
 year = {2006},
 title = {{Asthenospheric flow and origin of volcanism in the Baikal Rift area}},
 pages = {415--424},
 volume = {249},
 number = {3--4},
 journal = {Earth and Planetary Science Letters},
 doi = {10.1016/j.epsl.2006.07.007}
}

@article{Lee.2012,
 author = {J. R. Lee and F. S. Busschers H. P. Sejrup},
 year = {2012},
 title = {{Pre--Weichselian Quaternary glaciations of the British Isles, The Netherlands, Norway and adjacent marine areas south of 68 °N: implications for long--term ice sheet development in northern Europe}},
 pages = {213--228},
 volume = {44},
 journal = {Quaternary Science Reviews},
 doi = {10.1016/j.quascirev.2010.02.027}
}

@article{Legendre.2012,
 author = {C. P. Legendre and T. Meier and S. Lebedev and W. Friederich and L. Viereck-G{\"o}tte},
 year = {2012},
 title = {{A shear wave velocity model of the {E}uropean upper mantle from automated inversion of seismic shear and surface waveforms}},
 pages = {282--304},
 volume = {191},
 number = {1},
 journal = {Geophysical Journal International},
 doi = {10.1111/j.1365-246X.2012.05613.x}
}

@article{Lenkey.2017,
 author = {L. Lenkey and D. Ra{\'a}b and G. Goetzl and A. Lapanje and A. N{\'a}dor and D. Rajver and {\'A}. Rot{\'a}r-Szalkai and J. Svasta and F. Zekiri},
 year = {2017},
 title = {{Lithospheric scale 3D thermal model of the Alpine-{P}annonian transition zone}},
 pages = {161--182},
 volume = {52},
 number = {2},
 issn = {2213-5812},
 journal = {Acta Geodaetica et Geophysica},
 doi = {10.1007/s40328-017-0194-8}
}

@article{Lenkey.2002,
 author = {L. Lenkey and P. Dovenyi and F. Horvath and S.A.P.L. Cloetingh},
 year = {2002},
 title = {Geothermics of the {P}annonian basin and its bearing on the neotectonics},
 pages = {29--40},
 number = {3},
 journal = {Stephan Mueller Special Publication Series}
}

@article{Lexa.2010,
 author = {J. Lexa and I. Seghedi and K. Németh and A. Szakács and V. Konečny and Z. Pécskay and A. Fülöp and M. Kovacs},
 year = {2010},
 title = {{Neogene-Quaternary Volcanic forms in the Carpathian-{P}annonian Region: A review}},
 pages = {207--270},
 volume = {2},
 number = {3},
 issn = {2391-5447},
 journal = {Open Geosciences},
 doi = {10.2478/v10085-010-0024-5}
}

@proceedings{Limberger.2014,
 year = {2014},
 title = {{3D subsurface temperature model of {E}urope for geothermal exploration}},
 editor = {J. Limberger and J. D. {van Wees}}
}

@article{Lindner.2002,
 author = {L. Lindner and A. Bogucki and P. Gożyk and B. Marciniak and L. Marks and M. Łanczont and J. Wojtanowicz},
 year = {2002},
 title = {{G{\l}{\'o}wne cykle klimatyczne w stratygrafii plejstocenu Polski i Ukrainy}},
 pages = {787--792},
 volume = {50},
 number = {9},
 journal = {Prz. Geol.}
}

@article{Lindner.2001,
 author = {L. Lindner},
 year = {2001},
 title = {{Problem wieku i zasi{\^e}gu l$^1$dolod{\'o}w skandynawskich u brzegu polskich Karpat}},
 pages = {819--821},
 volume = {49},
 number = {9},
 journal = {Prz. Geol.}
}

@article{Lindner.1988,
 author = {L. Lindner},
 year = {1988},
 title = {{Stratigraphy and extents of Pleistocene continental glaciations in {E}urope}},
 pages = {63--83},
 volume = {38},
 number = {1--4},
 journal = {Acta Geologica Polonica}
}

@article{Lindner.1994,
 author = {L. Lindner and L. Marks},
 year = {1994},
 title = {{Pleistocene glaciations and interglacials in the Vistula, the Oder, and the Elbe drainage basins (Central European Lowland)}},
 pages = {153--165},
 volume = {44},
 number = {1--2},
 journal = {Acta Geologica Polonica}
}

@proceedings{Lipa.2016,
 title = {{Various depths of origin of clinopyroxene megacrysts from {C}enozoic alkaline lavas of occurrences in Lower {S}ilesia (SW {P}oland)}},
 year = {2016}, 
 editor = {D. Lipa and J. Puziewicz and T. Ntaflos and A. Woodland},
 publication = {EGU General Assembly 2016, Vienna, Austria}
}

@article{Lisiecki.2007,
 author = {L.E. Lisiecki and M. E. Raymo},
 year = {2007},
 title = {{Plio–Pleistocene climate evolution: trends and transitions in glacial cycle dynamics}},
 pages = {56--69},
 volume = {26},
 journal = {Quaternary Science Reviews},
 doi = {10.1016/j.quascirev.2006.09.005}
}

@article{Lithgow-Bertelloni.1998,
 author = {C. Lithgow-Bertelloni and M. A. Richards},
 year = {1998},
 title = {{The dynamics of Cenozoic and Mesozoic plate motions}},
 pages = {27--78},
 volume = {36},
 number = {1},
 journal = {Rev. Geophys.},
 doi = {10.1029/97RG02282}
 }

@article{Magri.2009,
 author = {F. Magri and U. Bayer and A. Pekd{E}ger and R. Otto and C. Thomsen and U. Maiwald},
 year = {2009},
 title = {{Salty groundwater flow in the shallow and deep aquifer systems of the Schleswig-Holstein area (North German Basin)}},
 pages = {183--194},
 volume = {470},
 number = {1--2},
 issn = {00401951},
 journal = {Tectonophysics},
 doi = {10.1016/j.tecto.2008.04.019}
}

@article{Maj.2010,
 author = {S. Maj},
 year = {2010},
 title = {{Geotermika w pracach Instytutu Geofizyki i Meteorologii Uniwersytetu Jana Kazimierza we Lwowie (1918--1939)}},
 pages = {77--82},
 volume = {LV},
 number = {1--2},
 journal = {Prz. Geof.}
}

@article{Majcin.2015,
 author = {D. Majcin and D. Bil{\v{c}}{\'i}k and T. Klu{\v{c}}iar},
 year = {2015},
 title = {{Thermal state of the lithosphere in the Danube Basin and its relation to tectonics}},
 pages = {193--218},
 volume = {45},
 number = {3},
 issn = {1338-0540},
 journal = {Contributions to Geophysics and Geodesy},
 doi = {10.1515/congeo-2015-0020}
}

@article{Majcin.1993,
 author = {D. Majcin},
 year = {1993},
 title = {{Thermal state of the West Carpathian lithosphere}},
 pages = {345--364},
 volume = {37},
 number = {4},
 issn = {0039-3169},
 journal = {Studia Geophysica et Geod{\ae}tica},
 doi = {10.1007/BF01613581}
}

@article{Majorowicz.2011,
 author = {J. Majorowicz and S. Wybraniec},
 year = {2011},
 title = {{New terrestrial heat flow map of {E}urope after regional paleoclimatic correction application}},
 pages = {881--887},
 volume = {100},
 number = {4},
 issn = {1437-3254},
 journal = {International Journal of Earth Sciences},
 doi = {10.1007/s00531-010-0526-1}
}

@article{Majorowicz.2004a,
 author = {J. Majorowicz},
 year = {2004a},
 title = {{Thermal lithosphere across the Trans-{E}uropean Suture Zone in {P}oland}},
 pages = {1--14},
 volume = {48},
 number = {1},
 journal = {Geol. Quart.}
}

@article{Majorowicz.2004b,
 author = {J. Majorowicz and J. {\v{S}}afanda and R. Przybylak and G. W{\'o}jcik},
 year = {2004b},
 title = {Ground surface temperature history in {P}oland in the 16th-20th centuries derived from the inversion of geothermal profiles},
 pages = {351--363},
 volume = {161},
 number = {2},
 issn = {0033-4553},
 journal = {Pure and Applied Geophysics},
 doi = {10.1007/s00024-003-2439-4}
}

@article{Majorowicz.2003,
 author = {J.A. Majorowicz and V. {\v{C}}ermak and J. {\v{S}}afanda and P. Krzywiec and M. Wr{\'o}blewska and A. Guterch and M. Grad},
 year = {2003},
 title = {{Heat flow models across the Trans-{E}uropean Suture Zone in the area of the POLONAISE'97 seismic experiment}},
 pages = {375--391},
 volume = {28},
 number = {9--11},
 issn = {14747065},
 journal = {Physics and Chemistry of the Earth, Parts A/B/C},
 doi = {10.1016/S1474-7065(03)00059-7}
}

@incollection{Majorowicz.1979,
 author = {J. Majorowicz and S. Plewa},
 title = {Study of heat flow in {P}oland with special regard to tectonophysical problems},
 pages = {240--252},
 publisher = {Springer Berlin Heidelberg},
 isbn = {978-3-642-95359-0},
 editor = {Vladim{\'i}r {\v{C}}erm{\'a}k and Ladislaus Rybach},
 booktitle = {{Terrestrial Heat Flow in {E}urope}},
 year = {1979},
 address = {Berlin, Heidelberg},
 doi = {10.1007/978-3-642-95357-6}
}

@article{Majorowicz.1978,
 author = {J. Majorowicz},
 year = {1978},
 title = {Mantle heat flow and geotherms for major tectonic units in central {E}urope},
 pages = {109--123},
 volume = {117},
 number = {1--2},
 issn = {0033-4553},
 journal = {Pure and Applied Geophysics},
 doi = {10.1007/BF00879739}
}

@article{Majorowicz.1972a,
 author = {J. Majorowicz},
 year = {1972a},
 title = {{Aspekty geologiczne rozk{\l}adu parametr{\'o}w geotermicznych w Polsce i Europie {\'S}rodkowej}},
 pages = {249--261},
 volume = {16},
 number = {2},
 journal = {Geol. Quart.}
}

@article{Majorowicz.1972b,
 author = {J. Majorowicz},
 year = {1972b},
 title = {{Zwi{\k{a}}zki element{\'o}w pola cieplnego z wiekiem konsolidacji pod{\l}o{\.z}a obszaru Polski}},
 pages = {801--816},
 volume = {16},
 number = {4},
 journal = {Geol. Quart.}
}

@article{Malinowski.2009,
 author = {M. Malinowski},
 year = {2009},
 title = {{Structure of the crust/mantle transition beneath the Variscan foreland in SW {P}oland from coincident wide-angle and near-vertical reflection data}},
 pages = {260--271},
 volume = {471},
 number = {3--4},
 issn = {00401951},
 journal = {Tectonophysics},
 doi = {10.1016/j.tecto.2009.02.025}
}

@article{Maluski.1995,
 author = {H. Maluski and P. Rajlich and J. Soucek},
 year = {1995},
 title = {{Pre-variscan, Variscan and Early Alpine thermo-tectonic history of the north-eastern {B}ohemian Massif: An $^40$Ar/$^39$Ar study}},
 volume = {84},
 number = {2},
 issn = {0016-7835},
 journal = {Geologische Rundschau},
 doi = {10.1007/BF00260445}
}

@article{Mangerud.2004,
 author = {J. Mangerud},
 year = {2004},
 title = {{Ice-dammed lakes and rerouting of the drainage of northern Eurasia during the Last Glaciation}},
 pages = {1313--1332},
 volume = {23},
 number = {11--13},
 issn = {02773791},
 journal = {Quaternary Science Reviews},
 doi = {10.1016/j.quascirev.2003.12.009}
}

@article{Mazur.2001,
 author = {S. Mazur and P. Aleksandrowski},
 year = {2001},
 title = {{The Tepla(?)/Saxothuringian suture in the Karkonosze-Izera massif, western Sudetes, central {E}uropean Variscides}},
 pages = {341--360},
 volume = {90},
 number = {2},
 issn = {1437-3254},
 journal = {International Journal of Earth Sciences},
 doi = {10.1007/s005310000146}
}

@article{McKenzie.1978,
 author = {D. McKenzie},
 year = {1978},
 title = {Some remarks on the development of sedimentary basins},
 pages = {25--32},
 volume = {40},
 number = {1},
 journal = {Earth and Planetary Science Letters},
 doi = {10.1016/0012-821X(78)90071-7}
}

@article{Meier.2016,
 author = {T. Meier and R.A. Soomro and L. Viereck and S. Lebedev and J.H. Behrmann and C. Weidle and L. Cristiano and R. Hanemann},
 year = {2016},
 title = {{Mesozoic and {C}enozoic evolution of the Central {E}uropean lithosphere}},
 pages = {58--73},
 volume = {692},
 issn = {00401951},
 journal = {Tectonophysics},
 doi = {10.1016/j.tecto.2016.09.016}
}

@article{Michael.1910,
 author = {R. Michael and W. Quitzow},
 year = {1910},
 title = {{Die Temperaturmessungen im Tiefbolirloch Czuchow in Oberschlesien}},
 pages = {1--22},
 volume = {31},
 number = {II},
 journal= {Jahrbuch der Königlich Preussischen Geologischen Landesanstalt und Bergakademie zu Berlin}
}

@article{Mlcoch.2012,
 author = {B. Ml{\v{c}}och and J. Konop{\'a}sek},
 year = {2012},
 title = {{Pre-Late Carboniferous geology along the contact of the Saxothuringian and Tepl{\'a}-Barrandian zones in the area covered by younger sediments and volcanics (western {B}ohemian Massif, Czech Republic)}},
 pages = {81--94},
 issn = {18031943},
 journal = {Journal of GEOsciences},
 doi = {10.3190/jgeosci.068}
}

@article{Motoki.2015,
 author = {M. H. Motoki and M. D. Ballmer},
 year = {2015},
 title = {Intraplate volcanism due to convective instability of stagnant slabs in the mantle transition zone},
 pages = {538--551},
 volume = {16},
 number = {2},
 issn = {15252027},
 journal = {Geochemistry, Geophysics, Geosystems},
 doi = {10.1002/2014GC005608}
}

@article{Narkiewicz.2017,
 author = {M. Narkiewicz and Z. Petecki},
 year = {2017},
 title = {{Basement structure of the Paleozoic Platform in {P}oland}},
 pages = {502--520},
 volume = {61},
 number = {2},
 journal = {Geol. Quart.}
}

@article{Nejbert.2012,
 author = {K. Nejbert and E. Jurewicz and R. Macdonald},
 year = {2012},
 title = {{Potassium-rich magmatism in the Western Outer Carpathians: Magmagenesis in the transitional zone between the {E}uropean Plate and Carpathian-{P}annonian region}},
 pages = {34--47},
 volume = {146--147},
 issn = {00244937},
 journal = {Lithos},
 doi = {10.1016/j.lithos.2012.04.026}
}

@book{Nemeth.2013,
 year = {2013},
 title = {{Updates in volcanology: New advances in understanding volcanic systems}},
 keywords = {Volcanology},
 address = {Rijeka, Croatia},
 publisher = {InTech},
 isbn = {978-953-51-0915-0},
 editor = {K. N{\'e}meth},
 doi = {10.5772/3390}
}

@article{Nielsen.2007,
 author = {S. B. Nielsen and R. Stephenson and E. Thomsen},
 year = {2007},
 title = {{Dynamics of Mid-Palaeocene North Atlantic rifting linked with European intra-plate deformations}},
 pages = {1071--1074},
 volume = {450},
 journal = {Nature},
 doi = {10.1038/nature06379}
}

@article{Nielsen.1995,
 author = {S. B. Nielsen},
 year = {1995},
 title = {{An upper limit to palaeo heat flow: Theory and examples from the Danish Central Graben}},
 pages = {137--152},
 volume = {244},
 number = {1--3},
 issn = {00401951},
 journal = {Tectonophysics},
 doi = {10.1016/0040-1951(95)00222-9}
}

@article{Nikonov.2008,
 author = {A. A. Nikonov},
 year = {2008},
 title = {{Seismicity pattern and thermal anomalies in the southern Baltic region before and during the Kaliningrad earthquakes of 2004}},
 pages = {915--926},
 volume = {44},
 number = {11},
 issn = {1069-3513},
 journal = {Izvestiya, Physics of the Solid Earth},
 doi = {10.1134/S1069351308110050}
}

@article{Norden.2008,
 author = {B. Norden and A. F{\"o}rster and N. Balling},
 year = {2008},
 title = {{Heat flow and lithospheric thermal regime in the Northeast German Basin}},
 pages = {215--229},
 volume = {460},
 number = {1--4},
 issn = {00401951},
 journal = {Tectonophysics},
 doi = {10.1016/j.tecto.2008.08.022}
}

@article{Panasiuk.1980,
 author = {M. Panasiuk},
 year = {1980},
 title = {{O pozycji tektonicznej wulkanit{\'o}w trzeciorz{\k{e}}dowych z po{\l}udniowo-zachodniego obrze{\.z}enia niecki {\.z}ytawskiej}},
 pages = {827--840},
 volume = {24},
 number = {4},
 journal = {Geol. Quart.}
}

@article{Pecskay.1995,
 author = {Z. Pécskay and J. Lexa and A. Szakács and Kad. Balogh and I. Seghedi and V. Konečný and M. Kovács and E. Márton and M. Kaličiak and V. Széky-Fux and T. Póka and P. Gyarmati and O. Edelstein and E. Rosu and B. Žec},
 year = {1995},
 title = {{Space and time distribution of Neogene-Quaternary volcanism in the Carpatho-{P}annonian region}},
 pages = {15--28},
 volume = {7},
 number = {2},
 journal = {Acta Vulcanologica}
}

@article{Piatkowska.2000,
 author = {A. Pi{\k{a}}tkowska and J. Kasi{\'n}ski and M. Graniczny},
 year = {2000},
 title = {{Analiza zintegrowanych danych teledetekcyjnych i tektonicznych Obni{\.z}enia {\.Z}ytawsko-Zgorzeleckiego}},
 pages = {991--999},
 volume = {48},
 number = {11},
 journal = {Przegl{\k{a}}d Geologiczny}
}

@article{Pilet.2005,
 author = {S. Pilet and J. Hernandez and P. Sylvester and M. Poujol},
 year = {2005},
 title = {{The metasomatic alternative for ocean island basalt chemical heterogeneity}},
 pages = {148--166},
 volume = {236},
 number = {1--2},
 journal = {Earth and Planetary Science Letters},
 doi = {10.1016/j.epsl.2005.05.004}
}

@article{Piromallo.2001,
 author = {C. Piromallo and A. P. Vincent and D. A. Yuen and A. Morelli},
 year = {2001},
 title = {Dynamics of the transition zone under {E}urope inferred from wavelet cross-spectra of seismic tomography},
 pages = {125--139},
 volume = {125},
 number = {1--4},
 issn = {00319201},
 journal = {Physics of the Earth and Planetary Interiors},
 doi = {10.1016/S0031-9201(01)00249-7}
}

@book{Plewa.1966,
 author = {S. Plewa},
 year = {1966},
 title = {{Regionalny obraz parametrów geotermicznych obszaru Polski}},
 publisher = {Wyd. Geofizyka i Geologia Naftowa},
 address = {Kraków},
 series = {Prace Geofizyczne i Geologiczne},
 volume = {1}
}

@book{Plewa.1994,
 author = {S. Plewa},
 year = {1994},
 title = {{Rozkład parametrów geotermalnych na obszarze Polski}},
 publisher = {Wydaw. Centrum Podstawowych Problemów Gospodarki Surowcami Mineralnymi i Energią PAN},
 address = {Kraków}
}

@article{Plomerova.2007,
 author = {J. Plomerov{\'a} and U. Achauer and V. Babu{\v{s}}ka and L. Vecsey},
 year = {2007},
 title = {{Upper mantle beneath the {E}ger Rift (Central {E}urope): Plume or asthenosphere upwelling?}},
 pages = {675--682},
 volume = {169},
 number = {2},
 journal = {Geophysical Journal International},
 doi = {10.1111/j.1365-246X.2007.03361.x}
}

@article{Pollack.1993,
 author = {H. N. Pollack and S. J. Hurter and J. R. Johnson},
 year = {1993},
 title = {{Heat flow from the Earth's interior: Analysis of the global data set}},
 pages = {267--280},
 volume = {31},
 number = {3},
 issn = {8755-1209},
 journal = {Reviews of Geophysics},
 doi = {10.1029/93RG01249}
}

@article{Przybycin.2017,
 author = {A. M. Przybycin and M. Scheck-Wenderoth and M. Schneider},
 year = {2017},
 title = {{The origin of deep geothermal anomalies in the German Molasse Basin: Results from 3D numerical models of coupled fluid flow and heat transport}},
 volume = {5},
 number = {1},
 issn = {2195--9706},
 journal = {Geothermal Energy},
 doi = {10.1186/s40517-016-0059-3}
}

@article{Puura.2003,
 author = {V. Puura and T. Floden and R. Mokrik},
 year = {2003},
 title = {{The Baltic Sea basin in the geology of Fennoscandia and Baltic region}},
 pages = {134--137},
 volume = {7},
 booktitle = {Litosfera/Lithosphere}
}

@article{Puziewicz.2012,
 author = {J. Puziewicz and L. Czechowski and L. Krysi{\'n}ski and J. Majorowicz and M. Matusiak-Ma{\l}ek and M. Wr{\'o}blewska},
 year = {2012},
 title = {{Lithosphere thermal structure at the eastern margin of the {B}ohemian Massif: A case petrological and geophysical study of the Nied{\'z}wied{\'z} amphibolite massif (SW {P}oland)}},
 pages = {1211--1228},
 volume = {101},
 number = {5},
 issn = {1437-3254},
 journal = {International Journal of Earth Sciences},
 doi = {10.1007/s00531-011-0714-7}
}

@article{Puziewicz.2015,
 author = {J. Puziewicz and M. Matusiak-Ma{\l}ek and T. Ntaflos and M. Gr{\'e}goire and A. Kuku{\l}a},
 year = {2015},
 title = {{Subcontinental lithospheric mantle beneath Central {E}urope}},
 pages = {1913--1924},
 volume = {104},
 number = {8},
 issn = {1437-3254},
 journal = {International Journal of Earth Sciences},
 doi = {10.1007/s00531-014-1134-2}
}

@article{Puziewicz.2011,
 author = {J. Puziewicz and M. Matusiak-Ma{\l}ek and T. Ntaflos and M. Gr{\'e}goire},
 year = {2011},
 title = {{G{\'o}rny p{\l}aszcz Ziemi pod SW Polsk{\k{a}}: {\'z}r{\'o}d{\l}o kenozoicznego wulkanizmu alkalicznego}},
 pages = {W: {\.Z}ela{\.z}niewicz, A., Wojewoda, J., Cie{\.z}kowski, W., (red.) --- Mezozoik i Kenozoik Dolnego Sl{\k{a}}ska, 37-43, WIND, Wroc{\l}aw}
}

@article{Rajchl.2009,
 author = {M. Rajchl and D. Uli{\v{c}}n{\'y} and R. Grygar and K. Mach},
 year = {2009},
 title = {{Evolution of basin architecture in an incipient continental rift: The {C}enozoic Most Basin, {E}ger Graben (Central {E}urope)}},
 pages = {269--294},
 volume = {21},
 number = {3},
 journal = {Basin Research},
 doi = {10.1111/j.1365-2117.2008.00393.x}
}

@article{Ritter.2001,
 author = {J. R. R. Ritter and M. Jordan and U. R. Christensen and U. Achauer},
 year = {2001},
 title = {{A mantle plume below the Eifel volcanic fields, Germany}},
 pages = {7--14},
 volume = {186},
 number = {1},
 journal = {Earth and Planetary Science Letters},
 doi = {10.1016/S0012-821X(01)00226-6}
}

@misc{Robertson.1988,
 author = {E. C. Robertson},
 date = {1988},
 title = {Thermal properties of rocks},
 series = {USGS Numbered Series}
}

@article{Rogiers.2014,
 author = {B. Rogiers and M. Huysmans and N. Vandenberghe and M. Verkeyn},
 year = {2014},
 title = {{Demonstrating large-scale cooling in a Variscan terrane by coupled groundwater and heat flow modelling}},
 pages = {71--90},
 volume = {51},
 issn = {03756505},
 journal = {Geothermics},
 doi = {10.1016/j.geothermics.2013.10.014}
}

@article{Roman.1962,
 author = {L. Roman},
 year = {1962},
 title = {{Pomiary temperatury w otworze Magnuszew}},
 pages = {350--359},
 volume = {6},
 number = {2},
 journal = {Geol. Quart.}
}

@article{Rosenbaum.2002,
 author = {G. Rosenbaum and G. S. Lister and C. Duboz},
 year = {2002},
 title = {{Relative motions of Africa, Iberia and Europe during Alpine orogeny}},
 pages = {117--129},
 volume = {359},
 journal = {Tectonophysics},
 doi = {10.1016/S0040-1951(02)00442-0}
}

@article{Rozycki.1948,
 author = {S. Z. Różycki},
 year = {1948},
 title = {{Uwagi o rozmieszczeniu stopnia geotermicznego w Polsce i krajach sąsiednich. [W:] Spraw. Tow. Nauk. Warszawskiego, Wydz. III, Rok 1947, Warszawa}}
}

@book{Rudzki.1909,
 author = {M. P. Rudzki},
 year = {1909},
 title = {Fizyka Ziemi},
 address = {Kraków},
 publisher = {Akademia Umiejętności}
}
 
@article{Ryka.1982,
 author = {W. Ryka},
 year = {1982},
 title = {{Tektonika uskokowa cokolu krystalicznego platformy prekambryjskiej w Polsce}},
 pages = {545--558},
 volume = {26},
 number = {3/4},
 journal = {Geol. Quart.}
}

@article{Seghedi.2005,
 author = {I. Seghedi and H. Downes and S. Harangi and P. R. D. Mason and Z. P{\'e}cskay},
 year = {2005},
 title = {{Geochemical response of magmas to Neogene-Quaternary continental collision in the Carpathian-{P}annonian region: A review}},
 pages = {485--499},
 volume = {410},
 number = {1--4},
 issn = {00401951},
 journal = {Tectonophysics},
 doi = {10.1016/j.tecto.2004.09.015}
}

@article{Seghedi.2004,
 author = {I. Seghedi and H. Downes and O. Vaselli and A. Szak{\'a}cs and K. Balogh and Z. P{\'e}cskay},
 year = {2004},
 title = {{Post-collisional Tertiary-Quaternary mafic alkalic magmatism in the Carpathian-{P}annonian region: A review}},
 pages = {43--62},
 volume = {393},
 number = {1--4},
 issn = {00401951},
 journal = {Tectonophysics},
 doi = {10.1016/j.tecto.2004.07.051}
}

@article{Seiberlich.2013,
 author = {C.K.A. Seiberlich and J.R.R. Ritter and B. Wawerzinek},
 year = {2013},
 title = {{Topography of the lithosphere-asthenosphere boundary below the Upper Rhine Graben Rift and the volcanic Eifel region, Central {E}urope}},
 pages = {222--236},
 volume = {603},
 issn = {00401951},
 journal = {Tectonophysics},
 doi = {10.1016/j.tecto.2013.05.034}
}

@article{Sinclair.1997,
 author = {H. D. Sinclair},
 year = {1997},
 title = {{Flysch to molasse transition in peripheral foreland basins: The role of the passive margin versus slab breakoff}},
 pages = {1123–-1126},
 volume = {25},
 number = {12},
 journal = {Geology},
 doi = {10.1130/0091-7613(1997)025<1123:FTMTIP>2.3.CO;2}
}

@article{Sissingh.2006a,
 author = {W. Sissingh},
 year = {2006a},
 title = {{Kinematic sequence stratigraphy of the European Cenozoic Rift System and Alpine Foreland Basin: correlation with Mediterranean and Atlantic plate-boundary events}},
 pages = {77--129},
 volume = {85},
 number = {2},
 journal = {Netherlands Journal of Geosciences},
 doi = {10.1017/S0016774600077921}
}

@article{Sissingh.2006b,
 author = {W. Sissingh},
 year = {2006b},
 title = {{Syn-kinematic palaeogeographic evolution of the West European Platform: correlation with Alpine plate collision and foreland deformation}},
 pages = {131--180},
 volume = {85},
 number = {2},
 journal = {Netherlands Journal of Geosciences},
 doi = {10.1017/S0016774600077933}
}

@article{Skacelova.2009,
 author = {Z. Sk{\'a}celov{\'a} and R. Vladislav and B. Ml{\v{c}}och},
 year = {2009},
 title = {{Effect of small potassium-rich dykes on regional gamma-spectrometry image of a potassium-poor volcanic complex: A case from the Doupovsk{\'e} hory Volcanic Complex, NW Czech Republic}},
 pages = {26--32},
 volume = {187},
 number = {1--2},
 issn = {03770273},
 journal = {Journal of Volcanology and Geothermal Research},
 doi = {10.1016/j.jvolgeores.2009.07.018}
}

@article{Sliaupa.2012,
 author = {S. {\v{S}}liaupa and J. Ke{\v{z}}un},
 year = {2012},
 title = {{Hydrogeothermal resources of Middle Lithuania}},
 volume = {53},
 number = {2},
 journal = {Geologija},
 doi = {10.6001/geologija.v53i2.1851}
}

@proceedings{Sliaupa.2010,
 year = {2010},
 title = {{Geothermal potential of hot granites of Lithuania}},
 publisher = {Proceedings of the World Geothermal Congress},
 editor = {S. {\v{S}}liaupa and G. Motuza and L. Korabliova and K. Ciuraite and V. Puronas},
 institution = {International Geothermal Association}
}

@incollection{Smith.2011,
 author = {A. D. Smith},
 title = {{The streaky-mantle alternative to mantle plumes and its bearing on bulk-Earth geochemical evolution}},
 pages = {303--325},
 volume = {388},
 publisher = {{Geological Society of America}},
 isbn = {0-8137-2388-4},
 series = {Special paper},
 editor = {Gillian R. Foulger and James H. Natland and Dean C. Presnall and Don L. Anderson},
 booktitle = {Plates, plumes, and paradigms},
 year = {2011},
 address = {Boulder, Colorado},
 doi = {10.1130/0-8137-2388-4.303}
}

@article{Smith.1999,
 author = {A. Smith and C. Lewis},
 year = {1999},
 title = {The planet beyond the plume hypothesis},
 pages = {135--182},
 volume = {48},
 number = {3},
 issn = {00128252},
 journal = {Earth-Science Reviews},
 doi = {10.1016/S0012-8252(99)00049-5}
}

@article{Sobczyk.2015,
 author = {A. Sobczyk and M. Danišík and P. Aleksandrowski and A. Anczkiewicz},
 year = {2015},
 title = {{Post-Variscan cooling history of the central Western Sudetes (NE Bohemian Massif, Poland) constrained by apatite fission-track and zircon (U-Th)/He thermochronology}},
 pages = {47--57},
 volume = {649},
 journal = {Tectonophysics},
 doi = {10.1016/j.tecto.2015.02.021}
}

@article{Spakman.1993,
 author = {W. Spakman and S. {van der Lee} and R. {van der Hilst}},
 year = {1993},
 title = {{Travel-time tomography of the {E}uropean-Mediterranean mantle down to 1400 km}},
 pages = {3--74},
 volume = {79},
 number = {1--2},
 issn = {00319201},
 journal = {Physics of the Earth and Planetary Interiors},
 doi = {10.1016/0031-9201(93)90142-V}
}

@article{Stegena.1990,
 author = {L. Stegena},
 year = {1990},
 title = {{Correlation between seismicity and horizontal variation of heat flow density in Central {E}urope}},
 pages = {55--61},
 volume = {179},
 number = {1--2},
 issn = {00401951},
 journal = {Tectonophysics},
 doi = {10.1016/0040-1951(90)90355-C}
}

@book{Stenz.1936,
 author = {E. Stenz},
 year = {1936},
 title = {Ziemia --- fizyka globu, mórz i atmosfery},
 series = {Z dziedziny nauki i techniki},
 volume = {XI},
 publisher = {Mathesis Polska},
 address = {Warszawa}
}

@article{Svendsen.2004,
 author = {J. Svendsen},
 year = {2004},
 title = {{Late Quaternary ice sheet history of northern Eurasia}},
 pages = {1229--1271},
 volume = {23},
 number = {11--13},
 issn = {02773791},
 journal = {Quaternary Science Reviews},
 doi = {10.1016/j.quascirev.2003.12.008}
}

@article{Szewczyk.2017,
 author = {J. Szewczyk},
 year = {2017},
 title = {{The deep-seated lowland relict permafrost from the Suwa{\l}ki region (NE {P}oland) --- analysis of conditions of its development and preservation}},
 volume = {61},
 number = {4},
 issn = {16417291},
 journal = {Geological Quarterly},
 doi = {10.7306/gq.1378}
}

@proceedings{Szewczyk.2015,
 year = {2015},
 title = {{The deep-seated lowland relict permafrost from the area of Suwalki anorthosite massif (NE {P}oland) --- spatial distribution and genesis}},
 editor = {J. Szewczyk}
}

@article{Szewczyk.2009a,
 author = {J. Szewczyk and D. Gientka},
 year = {2009a},
 title = {Terrestrial heat flow density in {P}oland --- a new approach},
 pages = {125-140},
 volume = {53},
 number = {1},
 journal = {Geol. Quart.}
}

@inproceedings{Szewczyk.2009b,
 author = {J. Szewczyk},
 title = {{The deep-seated lowland relict permafrost from the area of Suwalki anorthosite massif (NE {P}oland) --- spatial distribution and genesis}},
 publisher = {EAGE Publications BVNetherlands},
 series = {Proceedings},
 year = {2009b}
}

@article{Szymkowiak.1985,
 author = {A. Szymkowiak and M. Panasiuk},
 year = {1985},
 title = {{Charakterystyka petrograficzna i geochemiczna law bazaltoidowych rejonu Bogatyni}},
 pages = {727--754},
 volume = {29},
 number = {3/4},
 journal = {Geol. Quart.}
}

@article{Toth.2001,
 author = {J. Toth and I. Almasi},
 year = {2001},
 title = {{Interpretation of observed fluid potential patterns in a deep sedimentary basin under tectonic compression: Hungarian Great Plain, {P}annonian Basin}},
 pages = {11--36},
 volume = {1},
 number = {1},
 issn = {1468-8115},
 journal = {Geofluids},
 doi = {10.1046/j.1468-8123.2001.11004.x}
}

@article{Ulrych.2014,
 author = {J. Ulrych and J. {\v{S}}t{\v{e}}p{\'a}nkov{\'a}-Svobodov{\'a}},
 year = {2014},
 title = {{{C}enozoic alkaline volcanic rocks with carbonatite affinity in the {B}ohemian Massif: Their sources and magma generation}},
 pages = {45--58},
 volume = {46},
 journal = {Mineralia Slovaca}
}

@article{Ulrych.2008,
 author = {J. Ulrych and J. Dostal and E. Hegner and K. Balogh and L. Ackerman},
 year = {2008},
 title = {{Late Cretaceous to Paleocene melilitic rocks of the Oh{\v{r}}e/{E}ger Rift in northern Bohemia, Czech Republic: Insights into the initial stages of continental rifting}},
 pages = {141--161},
 volume = {101},
 number = {1--2},
 issn = {00244937},
 journal = {Lithos},
 doi = {10.1016/j.lithos.2007.07.012}
}

@article{Ulrych.2002,
 author = {J. Ulrych and J. Svobodov{\'a} and K. Balogh},
 year = {2002},
 title = {{The source of {C}enozoic volcanism in the {\v{C}}esk{\'e} st{\v{r}}edoho{\v{r}}{\'i} Mts., {B}ohemian Massif}},
 pages = {133--162},
 volume = {177},
 number = {2},
 issn = {00777757},
 journal = {Neues Jahrbuch f{\"u}r Mineralogie - Abhandlungen},
 doi = {10.1127/0077-7757/2002/0177-0133}
}

@article{Ulrych.2000,
 author = {J. Ulrych},
 year = {2000},
 title = {{Upper-mantle xenoliths in melilitic rocks of the Osecna Complex, North Bohemia}},
 pages = {79--83},
 volume = {45},
 number = {1--2},
 journal = {Journal of the Czech Geological Society}
}

@article{Vandycke.2002,
 author = {S. Vandycke},
 year = {2002},
 title = {{Palaeostress records in Cretaceous formations in NW Europe: extensional and strike–slip events in relationships with Cretaceous–Tertiary inversion tectonics}},
 pages = {119--136},
 volume = {357},
 journal = {Tectonophysics},
 doi = {10.1016/S0040-1951(02)00365-7}
}

@inproceedings{vanWees.2009,
 author = {J. D. {van Wees} and J. Juez-Larre and D. Bonte and H. Mijnlieff and A. Kronimus and Sergevan Gesse and A. Obdam and H. Verweij},
 year = {2009},
 title = {{ThermoGIS: An integrated web-based information system for geothermal exploration and governmental decision support for mature oil and gas basins}},
 publisher = {EAGE Publications BVNetherlands},
 series = {Proceedings},
 year = {2009},
 doi = {10.3997/2214-4609.201404956}
}

@article{vonBlackenburg.1995,
 author = {F. {von Blackenburg} and J. H. Davies},
 year = {1995},
 title = {{Slab breakoff: A model for syncollisional magmatism and tectonics in the Alps}},
 pages = {120--131},
 volume = {14},
 number = {1},
 journal = {Tectonics},
 doi = {10.1029/94TC02051}
}
 
@article{Wedepohl.2000,
 author = {K. H. Wedepohl},
 year = {2000},
 title = {{The composition and formation of {M}iocene tholeiites in the Central {E}uropean {C}enozoic plume volcanism (CECV)}},
 pages = {180--189},
 volume = {140},
 number = {2},
 issn = {0010-7999},
 journal = {Contributions to Mineralogy and Petrology},
 doi = {10.1007/s004100000184}
}

@article{Wilson.2006,
 author = {M. Wilson and H. Downes},
 year = {2006},
 title = {{Tertiary-Quaternary intra-plate magmatism in {E}urope and its relationship to mantle dynamics}},
 pages = {147--166},
 volume = {32},
 number = {1},
 issn = {0435-4052},
 journal = {Geological Society, London, Memoirs},
 doi = {10.1144/GSL.MEM.2006.032.01.09}
}

@misc{Wilson.2003,
 author = {M. Wilson},
 date = {2003},
 title = {{The geodynamic setting of Tertiary-Quaternary intra-plate magmatism in {E}urope: The role of asthenospheric diapirs or mantle "hot fingers"}}
}

@incollection{Wilson.2001,
 author = {M. Wilson and R. Patterson},
 title = {{Intraplate magmatism related to short-wavelength convective instabilities in the upper mantle: Evidence from the Tertiary-Quaternary volcanic province of Western and Central {E}urope}},
 pages = {37--58},
 volume = {352},
 publisher = {Geological Society of America},
 isbn = {0-8137-2352-3},
 booktitle = {Special Paper 352: Mantle plumes: their identification through time},
 year = {2001},
 doi = {10.1130/0-8137-2352-3.37}
}

@article{Wilson.1991,
 author = {M. Wilson and H. Downes},
 year = {1991},
 title = {{Tertiary-Quaternary Extension-Related Alkaline Magmatism in Western and Central {E}urope}},
 pages = {811--849},
 volume = {32},
 number = {4},
 issn = {0022-3530},
 journal = {Journal of Petrology},
 doi = {10.1093/petrology/32.4.811}
}

@article{Woloszyn.2017,
 author = {I. Woloszyn and B. Merkel and K. Stanek},
 year = {2017},
 title = {{3D geological modeling of the transboundary Berzdorf-Radomierzyce basin in Upper Lusatia (Germany/{P}oland)}},
 pages = {1651--1663},
 volume = {106},
 number = {5},
 issn = {1437-3254},
 journal = {International Journal of Earth Sciences},
 doi = {10.1007/s00531-016-1379-z}
}

@article{Wybraniec.1998,
 author = {S. Wybraniec and S. Zhou and H. Thybo and R. Forsberg and E. Perchuc and M. Lee and G. D. Demianov and V. N. Strakhov},
 year = {1998},
 title = {{New map compiled of Europe's gravity field}},
 pages = {437--448},
 volume = {79},
 number = {37},
 journal = {Eos},
 doi = {10.1029/98EO00330}
}

@article{Ziegler.2007,
 author = {P. A. Ziegler and P. D{\`e}zes},
 year = {2007},
 title = {{{C}enozoic uplift of Variscan massifs in the Alpine foreland: Timing and controlling mechanisms}},
 pages = {237--269},
 volume = {58},
 number = {1--4},
 issn = {09218181},
 journal = {Global and Planetary Change},
 doi = {10.1016/j.gloplacha.2006.12.004}
}

@article{Ziegler.2006,
 author = {P. A. Ziegler and P. D{\`e}zes},
 year = {2006},
 title = {{Crustal evolution of Western and Central {E}urope}},
 pages = {43--56},
 volume = {32},
 number = {1},
 issn = {0435-4052},
 journal = {Geological Society, London, Memoirs},
 doi = {10.1144/GSL.MEM.2006.032.01.03}
}

@article{Ziegler.1995,
 author = {P. A. Ziegler and S. Cloetingh and J. D. {van Wees}},
 year = {1995},
 title = {{Dynamics of intra-plate compressional deformation: the Alpine foreland and other examples}},
 pages = {7--59},
 volume = {252},
 number = {1--4},
 doi = {10.1016/0040-1951(95)00102-6}
}
 
@proceedings{Zinevicius.2015,
 year = {2015},
 title = {{Geothermal development in Lithuania}},
 editor = {F. Zinevicius and V. Rasteniene and A. Bickus},
 institution = {International Geothermal Association}
}

@proceedings{Zinevicius.2010,
 year = {2010},
 title = {{Lithuania --- geothermal energy country update}},
 editor = {F. Zinevicius and S. {\v{S}}liaupa}
}

@article{Zeyen.1997,
 author = {H. Zeyen and F. Volker and V. Wehrle and K. Fuchs and S. V. Sobolev and R. Altherr},
 year = {1997},
 title = {Styles of continental rifting: crust-mantle detachmend and mantle plumes},
 pages = {329--352},
 volume = {278},
 journal = {Tectonophysics},
 doi = {10.1016/S0040-1951(97)00111-X}
}

@article{Zweck.2005,
 author = {C. Zweck and P. Huybrechts},
 year = {2005},
 title = {{Modeling of the northern hemisphere ice sheets during the last glacial cycle and glaciological sensitivity}},
 volume = {110},
 number = {D07103},
 journal = {J. Geophys. Res.},
 doi = {10.1029/2004JD005489}
}

@book{Zelazniewicz.2011,
 author = {A. {\.Z}ela{\'z}niewicz and P. Aleksandrowski and Z. Bu{\l}a and P. H. Karnkowski and A. Konon and N. Oszczypko and A. {\'S}l{\k{a}}czka and J. {\.Z}aba and K. {\.Z}ytko},
 year = {2011},
 title = {{Regionalizacja tektoniczna Polski}},
 address = {Wroc{\l}aw},
 publisher = {{Komitet Nauk Geologicznych PAN} and {Polska Akademia Nauk}},
 isbn = {978-83-63377-01-4},
 editor = {A. {\.Z}ela{\'z}niewicz}
}

%@article{Zych.1927,
% author = 