@article{fodor1999,
	author = "Fodor, László and Csontos, L and Bada, G and Gyorfi, I and Benkovics, L",
	title = "Tertiary tectonic evolution of the Pannonian Basin System and neighbouring orogens: a new synthesis of palaeostress data",
	journal = "Geological Society, London, Special Publications",
	year = "1999",
}

@article{bekesi2017,
	title = "Subsurface temperature model of the Hungarian part of the Pannonian Basin",
	journal = "Global and Planetary Change",
	year = "2017",
	issn = "0921-8181",
	doi = "https://doi.org/10.1016/j.gloplacha.2017.09.020",
	url = "http://www.sciencedirect.com/science/article/pii/S0921818117303375",
	author = "Eszter Békési and László Lenkey and Jon Limberger and Kristóf Porkoláb and Attila Balázs and Damien Bonté and Mark Vrijlandt and Ferenc Horváth and Sierd Cloetingh and Jan-Diederik van Wees"
}

@article{kovac2007,
	author = "Kovac, Michal and Andreyeva-Grigorovich, Aida and Bajraktarević, Zlatan and Brzobohatý, Rostislav and Filipescu, Sorin and Fodor, László and Harzhauser, Mathias and Nagymarosy, Andras and Oszczypko, Nestor and Pavelić, Davor and Rögl, Fred and Saftić, Bruno and Sliva, Lubomír and Studencka, Barbara",
	year = "2007",
	month = "12",
	pages = "579-606",
	title = "Badenian evolution of the Central Paratethys Sea: Paleogeography, climate and eustatic sea-level changes",
	volume = "58",
	journal = "Geologica Carpathica"
}

@article{meier2016,
	title = "Mesozoic and Cenozoic evolution of the Central European lithosphere",
	journal = "Tectonophysics",
	year = "2016",
	author = "T Meier and R Soomro and L Viereck",
}